<record><leader>00000cas a22000007a 4500</leader><controlfield tag="001">20764930</controlfield><controlfield tag="008">891211d19641965ohuwr ne      0    0eng d</controlfield><datafield ind1=" " ind2=" " tag="010"><subfield code="a">sn 89075203 </subfield></datafield><datafield ind1=" " ind2=" " tag="040"><subfield code="a">ONP</subfield><subfield code="b">eng</subfield><subfield code="c">ONP</subfield><subfield code="d">OCL</subfield><subfield code="d">OCLCQ</subfield></datafield><datafield ind1=" " ind2=" " tag="042"><subfield code="a">msc</subfield></datafield><datafield ind1="0" ind2="0" tag="245"><subfield code="a">Sylvania suburban sentinel.</subfield></datafield><datafield ind1=" " ind2=" " tag="260"><subfield code="a">Sylvania, Ohio :</subfield><subfield code="b">Byrneway Pub.,</subfield><subfield code="c">1964-1965.</subfield></datafield><datafield ind1=" " ind2=" " tag="300"><subfield code="a">v.</subfield></datafield><datafield ind1=" " ind2=" " tag="310"><subfield code="a">Weekly</subfield></datafield><datafield ind1="0" ind2=" " tag="362"><subfield code="a">Vol. 57, no. 17 (Nov. 4, 1964)-v. 57, no. 27 (Jan. 14, 1965).</subfield></datafield><datafield ind1=" " ind2=" " tag="752"><subfield code="a">United States</subfield><subfield code="b">Ohio</subfield><subfield code="c">Lucas</subfield><subfield code="d">Sylvania.</subfield></datafield><datafield ind1="0" ind2="0" tag="780"><subfield code="t">Sylvania sentinel (Sylvania, Ohio : 1963)</subfield><subfield code="w">(DLC)sn 89075207</subfield></datafield><datafield ind1="0" ind2="0" tag="785"><subfield code="t">Sentinel (Sylvania, Ohio)</subfield><subfield code="w">(DLC)sn 89075205</subfield></datafield></record>